@online{additude,
  title  = {Language Processing Disorders: Recognizing Symptoms},
  author = {ADDitude Magazine},
  year   = {2024},
  url    = {https://www.additudemag.com/language-processing-disorders-recognizing-symptoms/}
}


@online{adobeGuidelines,
  title  = {Adobe Generative AI User Guidelines},
  author = {Adobe Inc.},
  year   = {2024},
  url    = {https://www.adobe.com/legal/licenses-terms/adobe-gen-ai-user-guidelines.html}
}

@online{ChildDevelopment,
  title  = {Visual Perception Concerns in Child Development},
  author = {{Child Development Australia}},
  url    = {https://childdevelopment.com.au/areas-of-concern/visual-perception/},
  year   = {2023},
  note   = {Accessed: 2024-11-04}
}

@misc{cleveland_dysgraphia,
  author = {Cleveland Clinic},
  title  = {Dysgraphia},
  year   = {2023},
  url    = {https://my.clevelandclinic.org/health/diseases/23294-dysgraphia},
  note   = {Accessed: 2024-11-04}
}

@online{clevelandclinic2024,
  title  = {Dyscalculia: Symptoms and Causes},
  author = {Cleveland Clinic},
  year   = {2024},
  url    = {https://my.clevelandclinic.org/health/diseases/23949-dyscalculia}
}

@online{dyslexiaCharAndSigns,
  title = {Characteristics and Signs of Dyslexia},
  year  = {2023},
  url   = {https://www.fcps.edu/academics/academic-overview/special-education-instruction/high-incidence-disabilities-team-k-12-2}
}

@online{dyslexiaClinic,
  author = {Mayo Clinic Staff},
  title  = {Dyslexia},
  month  = AUG,
  year   = {2022},
  url    = {https://www.mayoclinic.org/diseases-conditions/dyslexia/symptoms-causes/syc-20353552}
}

@online{dyslexiaStatistics,
  title  = {33 Dyslexia Statistics \& Facts: How Many People Have Dyslexia?},
  author = {Steven Zauderer},
  month  = JUN,
  year   = {2023},
  url    = {https://www.crossrivertherapy.com/research/dyslexia-statistics}
}

@online{dyslexiaUnderstanding,
  title  = {Understanding Dyslexia},
  author = {Katherine Martinelli},
  month  = OCT,
  year   = {2023},
  url    = {https://childmind.org/article/understanding-dyslexia/}
}

@misc{edutopia_dysgraphia,
  author = {Edutopia},
  title  = {What Teachers Should Know About Dysgraphia},
  year   = {2023},
  url    = {https://www.edutopia.org/article/what-teachers-should-know-about-dysgraphia},
  note   = {Accessed: 2024-11-04}
}

@software{fastforword,
  title  = {Fast ForWord},
  author = {{Scientific Learning Corporation}},
  year   = {2024},
  url    = {https://www.scilearn.com/fast-forword/},
  note   = {Language and literacy development software}
}

@online{figma,
  author = {Figma},
  title  = {Figma: The collaborative interface design tool},
  year   = {n.d.},
  url    = {https://www.figma.com},
  note   = {Accessed: 2024-11-04}
}

@software{gamemaker,
  title        = {GameMaker},
  author       = {{YoYo Games}},
  year         = {2024},
  url          = {https://www.yoyogames.com/},
  note         = {Cross-platform game engine for creating 2D games}
}

@online{gblProsCons,
  author = {Jordan Nisbet},
  title  = {Game-Based Learning: Pros, Cons \& Implementation Tips for Educators},
  month  = JUL,
  year   = {2023},
  url    = {https://www.prodigygame.com/main-en/blog/game-based-learning/}
}

% LPD

@online{gemlearningFastFor,
  author = {Gemm Learning},
  title  = {Fast ForWord Program},
  year   = {2023},
  url    = {https://www.gemmlearning.com/programs/fast-forword/}
}


@software{godot,
  title        = {Godot Engine},
  author       = {Juan Linietsky and Ariel Manzur},
  year         = {2024},
  url          = {https://godotengine.org/},
  note         = {Open-source game engine for 2D and 3D games}
}

@online{gow,
  title  = {Diagnosis of Language-Based Learning Disability: What to Do Next},
  author = {Gow School},
  year   = {2024},
  url    = {https://www.gow.org/about/blog/diagnosis-of-language-based-learning-disability-what-to-do-next}
}

% Dyscalculia

@online{greatspeech,
  title  = {Your Guide to Child Language Disorders},
  author = {Great Speech},
  year   = {2024},
  url    = {https://www.greatspeech.com/your-guide-to-child-language-disorders/}
}

@online{HearingHealth,
  title  = {APD Demographics},
  author = {{Hearing Health Foundation}},
  url    = {https://hearinghealthfoundation.org/apd-demographics},
  year   = {2022},
  note   = {Accessed: 2024-11-04}
}

@article{jama_nvld_2024,
  title  = {Nonverbal Learning Disabilities: Impact and Interventions},
  author = {Author of JAMA article},
  year   = {2024},
  url    = {https://jamanetwork.com/journals/jamanetworkopen/fullarticle/2764298}
}

% NVLD

@online{KidsHealth,
  title  = {Central Auditory Processing Disorder},
  author = {{KidsHealth}},
  url    = {https://kidshealth.org/en/parents/central-auditory.html},
  year   = {2023},
  note   = {Accessed: 2024-11-04}
}

@software{libgdx,
  title        = {LibGDX},
  author       = {Mario Zechner and contributors},
  year         = {2024},
  url          = {https://libgdx.com/},
  note         = {Java game development framework for 2D and 3D games}
}

@online{nationalLibraryMedicine,
  title  = {Recognition, expression, and understanding facial expressions of emotion in adolescents with nonverbal and general learning disabilities},
  author = {Elana Bloom and Nancy Heath},
  year   = {2009},
  url    = {https://pubmed.ncbi.nlm.nih.gov/19843659/}
}

@online{Nationwide,
  title  = {Auditory Processing Disorder (APD)},
  author = {{Nationwide Children's Hospital}},
  url    = {https://www.nationwidechildrens.org/conditions/auditory-processing-disorder},
  year   = {2023},
  note   = {Accessed: 2024-11-04}
}

@misc{NINDSLearningDisabilities,
  author       = {National Institute of Neurological Disorders and Stroke},
  title        = {Learning Disabilities},
  howpublished = {\url{https://www.ninds.nih.gov/health-information/disorders/learning-disabilities}},
  note         = {Accessed: 2024-11-04}
}

% Dysgraphia

@online{numbershire,
  author = {NumberShire},
  title = {NumberShire},
  year = {2023},
  url = {https://www.numbershire.com/}
}

@online{observer,
  author = {Refactoring Guru},
  title  = {Observer Design Pattern},
  year   = {n.d.},
  url    = {https://refactoring.guru/design-patterns/observer},
  note   = {Accessed: 2024-11-04}
}

@article{pmc_dysgraphia,
  authors  = {Peter J Chung, Dilip R Patel, Iman Nizami},
  title   = {Article on Dysgraphia},
  journal = {PMC},
  year    = {2023},
  url     = {https://pmc.ncbi.nlm.nih.gov/articles/PMC7082241/},
  note    = {Accessed: 2024-11-04}
}

@article{pmc2024,
  title  = {Neuropsychological Perspectives on Dyscalculia},
  author = {Author of PMC article},
  year   = {2024},
  url    = {https://pmc.ncbi.nlm.nih.gov/articles/PMC6440373/}
}

% APD

@online{PorterAcademy,
  title  = {Visual Perceptual Deficits},
  author = {{Porter Academy}},
  url    = {https://www.porteracademy.org/visual-perceptual-deficits/},
  year   = {2023},
  note   = {Accessed: 2024-11-04}
}

@online{ScienceDaily,
  title  = {Visual Perception and Processing Deficits Linked to Learning Disorders},
  author = {{ScienceDaily}},
  url    = {https://www.sciencedaily.com/releases/2020/04/200428093519.htm},
  year   = {2020},
  note   = {Accessed: 2024-11-04}
}

@online{singleton,
  author = {Refactoring Guru},
  title  = {Singleton Design Pattern},
  year   = {n.d.},
  url    = {https://refactoring.guru/design-patterns/singleton},
  note   = {Accessed: 2024-11-04}
}

@online{Speechify,
  title  = {Visual Perceptual and Visual Motor Deficit Tools},
  author = {{Speechify}},
  url    = {https://speechify.com/blog/visual-perceptual-visual-motor-deficit-tools/?landing_url=https://speechify.com/blog/visual-perceptual-visual-motor-deficit-tools/},
  year   = {2023},
  note   = {Accessed: 2024-11-04}
}


% Visual Motor Deficit

@misc{understood_accommodations,
  author = {Understood},
  title  = {Classroom Accommodations for Dysgraphia},
  year   = {2023},
  url    = {https://www.understood.org/en/articles/at-a-glance-classroom-accommodations-for-dysgraphia},
  note   = {Accessed: 2024-11-04}
}

@online{understood_accommodations_2024,
  title  = {Classroom Accommodations for Nonverbal Learning Disabilities},
  author = {Kate Kelly},
  year   = {2024},
  url    = {https://www.understood.org/en/articles/at-a-glance-classroom-accommodations-for-nonverbal-learning-disabilities}
}

@online{understood_nvld_2024,
  title  = {What are Nonverbal Learning Disabilities?},
  author = {The Understood Team},
  year   = {2024},
  url    = {https://www.understood.org/en/articles/understanding-nonverbal-learning-disabilities}
}

@online{understood_nvld_adult_2024,
  title  = {6 Surprising Ways Nonverbal Learning Disability Affects Me as a Young Adult},
  author = {Michaela Hearst},
  year   = {2024},
  url    = {https://www.understood.org/en/articles/6-surprising-ways-nonverbal-learning-disability-affects-me-as-a-young-adult}
}

@online{understood2024,
  title  = {Dyscalculia Fact Sheet},
  author = {The Understood Team},
  year   = {2024},
  url    = {https://www.understood.org/en/articles/dyscalculia-fact-sheet}
}

@software{unity,
  title        = {Unity},
  author       = {{Unity Technologies}},
  year         = {2024},
  url          = {https://unity.com/},
  note         = {Cross-platform game engine for 2D and 3D games}
}

@online{unityDocEvent,
  author = {Unity Technologies},
  title  = {Event Functions},
  month  = JUL,
  year   = {2024},
  url    = {https://docs.unity3d.com/ScriptReference/MonoBehaviour.html}
}

@online{unityDocMonoBehaviour,
  author = {Unity Technologies},
  title  = {MonoBehaviour},
  month  = DEC,
  year   = {2023},
  url    = {https://docs.unity3d.com/ScriptReference/MonoBehaviour.html}
}

@online{unityDocScriptableObj,
  author = {Unity Technologies},
  title  = {ScriptableObject},
  month  = DEC,
  year   = {2023},
  url    = {https://docs.unity3d.com/Manual/EventFunctions.html}
}

@misc{UniversityWashingtonLearningDisabilities,
  author       = {University of Washington DO-IT Center},
  title        = {Learning Disabilities},
  howpublished = {\url{https://www.washington.edu/doit/learning-disabilities}},
  note         = {Accessed: 2024-11-04}
}

@software{unrealengine,
  title        = {Unreal Engine},
  author       = {{Epic Games}},
  year         = {2024},
  url          = {https://www.unrealengine.com/},
  note         = {3D creation platform for game development and other real-time applications}
}

@online{vanderbilt,
  title  = {Language Processing Disorder},
  author = {Vanderbilt University},
  year   = {2024},
  url    = {https://my.vanderbilt.edu/speds2430/2020-topics/language-processing-disorder/},
  note   = {Accessed: 2024-11-04}
}


@online{WebMD,
  title  = {Auditory Processing Disorder (APD) Overview},
  author = {{WebMD}},
  url    = {https://www.webmd.com/brain/auditory-processing-disorder},
  year   = {2023},
  note   = {Accessed: 2024-11-04}
}

@misc{graphogamesoftware,
  title = {GraphoGame},
  author = {GraphoGame},
  year = {2023},  
  url = {https://graphogame.com/}
}
